
    <record>
        <leader>00000nz  a2200169   4500</leader>
        <controlfield tag="001">30005767</controlfield>
        <controlfield tag="003">RISM</controlfield>
        <controlfield tag="005">20160216</controlfield>
        <controlfield tag="008">160216n||az|||||||##########||||||||||||</controlfield>
        <datafield tag="040" ind1=" " ind2=" ">
            <subfield code="a">C-HABm</subfield>
        </datafield>
        <datafield tag="043" ind1=" " ind2=" ">
            <subfield code="c">XD-CU</subfield>
        </datafield>
        <datafield tag="110" ind1="2" ind2=" ">
            <subfield code="a">Museo Nacional de la Música, Archivo</subfield>
            <subfield code="c">La Habana</subfield>
            <subfield code="g">C-HABm</subfield>
        </datafield>
        <datafield tag="622" ind1=" " ind2=" ">
            <subfield code="e">Museo Nacional de la Música, Archivo, C-La Habana</subfield>
        </datafield>
    </record>