
    <record>
        <leader>00000nz  a2200169   4500</leader>
        <controlfield tag="001">30003250</controlfield>
        <controlfield tag="003">RISM</controlfield>
        <controlfield tag="005">20160216</controlfield>
        <controlfield tag="008">160216n||az|||||||##########||||||||||||</controlfield>
        <datafield tag="040" ind1=" " ind2=" ">
            <subfield code="a">C-HABse</subfield>
        </datafield>
        <datafield tag="043" ind1=" " ind2=" ">
            <subfield code="c">XD-CU</subfield>
        </datafield>
        <datafield tag="110" ind1="2" ind2=" ">
            <subfield code="a">Biblioteca de la Sociedad Económica de Amigos del País</subfield>
            <subfield code="c">La Habana</subfield>
            <subfield code="g">C-HABse</subfield>
        </datafield>
    </record>
</collection>


